<?xml version="1.0" encoding="UTF-8"?>
<collection xmlns:xsi="http://www.w3.org/2001/XMLSchema-instance" xsi:schemaLocation="http://www.loc.gov/MARC21/slim http://www.loc.gov/standards/marcxml/schema/MARC21slim.xsd" xmlns="http://www.loc.gov/MARC21/slim">
<record>
  <leader>00843cam a2200229K  4500</leader>
  <controlfield tag="001">5961383</controlfield>
  <controlfield tag="003">NNC</controlfield>
  <controlfield tag="005">20150920223135.0</controlfield>
  <controlfield tag="008">981004s1963    sy ach        000 0 araod</controlfield>
  <datafield tag="035" ind1=" " ind2=" ">
    <subfield code="a">(OCoLC)ocm39991736</subfield>
  </datafield>
  <datafield tag="035" ind1=" " ind2=" ">
    <subfield code="a">(NNC)5961383</subfield>
  </datafield>
  <datafield tag="040" ind1=" " ind2=" ">
    <subfield code="a">CGU</subfield>
    <subfield code="c">CGU</subfield>
    <subfield code="d">ZCU</subfield>
  </datafield>
  <datafield tag="100" ind1="1" ind2=" ">
    <subfield code="a">Abū Shanab, ʻĀdil.</subfield>
  </datafield>
  <datafield tag="245" ind1="1" ind2="0">
    <subfield code="a">Ḥayāt al-fannān ʻAbd al-Wahhāb Abū al-Saʻūd /</subfield>
    <subfield code="c">[taʾlīf] ʻĀdil Abū Shanab.</subfield>
  </datafield>
  <datafield tag="246" ind1="1" ind2=" ">
    <subfield code="a">Wizārat al-Thaqāfah wa-al-Irshād al-Qawmī. Mudīrīyat al-Taʾlīf wa-al-Tarjamah</subfield>
  </datafield>
  <datafield tag="260" ind1=" " ind2=" ">
    <subfield code="a">Damascus :</subfield>
    <subfield code="b">al-Fann al-Ḥadīth al-ʻĀlamī,</subfield>
    <subfield code="c">1963</subfield>
  </datafield>
  <datafield tag="300" ind1=" " ind2=" ">
    <subfield code="a">125 p.</subfield>
    <subfield code="b">illus., facsims., ports.</subfield>
  </datafield>
  <datafield tag="490" ind1="1" ind2=" ">
    <subfield code="a">Silsilah al-Fannīyah ;</subfield>
    <subfield code="v">4</subfield>
  </datafield>
  <datafield tag="504" ind1=" " ind2=" ">
    <subfield code="a">Includes bibliography.</subfield>
  </datafield>
  <datafield tag="600" ind1="1" ind2="0">
    <subfield code="a">Abū al-ʻSaūd, ʻAbd al-Wahhāb,</subfield>
    <subfield code="d">1897-1951.</subfield>
  </datafield>
  <datafield tag="830" ind1=" " ind2="0">
    <subfield code="a">Silsilah al-Fannīyah ;</subfield>
    <subfield code="v">4.</subfield>
  </datafield>
  <datafield tag="955" ind1=" " ind2=" ">
    <subfield code="b">0026813548</subfield>
    <subfield code="d">glx</subfield>
    <subfield code="e">956.9 Sy18 v.4</subfield>
  </datafield>
</record>
</collection>